<?xml version="1.0" encoding="UTF-8"?>
<collection xmlns:xsi="http://www.w3.org/2001/XMLSchema-instance" xsi:schemaLocation="http://www.loc.gov/MARC21/slim http://www.loc.gov/standards/marcxml/schema/MARC21slim.xsd" xmlns="http://www.loc.gov/MARC21/slim">
<record>
  <leader>00588cam a22001931  4500</leader>
  <controlfield tag="001">3238959</controlfield>
  <controlfield tag="003">NNC</controlfield>
  <controlfield tag="005">20151117185859.0</controlfield>
  <controlfield tag="008">020326s1866    ua            000 0 ara d</controlfield>
  <datafield tag="035" ind1=" " ind2=" ">
    <subfield code="a">(OCoLC)ocm49393517</subfield>
  </datafield>
  <datafield tag="035" ind1=" " ind2=" ">
    <subfield code="9">AUL2348CU</subfield>
  </datafield>
  <datafield tag="035" ind1=" " ind2=" ">
    <subfield code="a">(NNC)3238959</subfield>
  </datafield>
  <datafield tag="040" ind1=" " ind2=" ">
    <subfield code="a">ZCU</subfield>
    <subfield code="c">ZCU</subfield>
  </datafield>
  <datafield tag="099" ind1=" " ind2=" ">
    <subfield code="a">893.7195</subfield>
    <subfield code="a">Ab99</subfield>
  </datafield>
  <datafield tag="100" ind1="1" ind2=" ">
    <subfield code="a">Abyārī, ʻAbd al-Hādī Najā ibn Raḍwān Najā,</subfield>
    <subfield code="d">1820 or 1821-1887 or 1888.</subfield>
  </datafield>
  <datafield tag="245" ind1="1" ind2="0">
    <subfield code="a">Suʻūd al-maṭālīʻ ...</subfield>
  </datafield>
  <datafield tag="260" ind1=" " ind2=" ">
    <subfield code="a">Būlāq :</subfield>
    <subfield code="b">Dār al-Ṭabāʻah al-ʻĀmirah,</subfield>
    <subfield code="c">1283 A.H. [1866 A.D.]</subfield>
  </datafield>
  <datafield tag="300" ind1=" " ind2=" ">
    <subfield code="a">2 v.</subfield>
    <subfield code="c">24 cm.</subfield>
  </datafield>
  <datafield tag="955" ind1=" " ind2=" ">
    <subfield code="b">0315334058</subfield>
    <subfield code="d">glx</subfield>
    <subfield code="e">893.7195 Ab99</subfield>
    <subfield code="v">v.1</subfield>
  </datafield>
</record>
</collection>